% Encoding: UTF-8

@article{SEIF2016159,
	title = "Autonomous Driving in the iCityâ€”HD Maps as a Key Challenge of the Automotive Industry",
	journal = "Engineering",
	volume = "2",
	number = "2",
	pages = "159 - 162",
	year = "2016",
	issn = "2095-8099",
	doi = "https://doi.org/10.1016/J.ENG.2016.02.010",
	url = "http://www.sciencedirect.com/science/article/pii/S2095809916309432",
	author = "Heiko G. Seif and Xiaolong Hu",
	keywords = "Autonomous driving, Traffic infrastructure, iCity, Car-to-X communication, Connected vehicle, HD maps"
}

@MISC{FsWorldRank:1,
	HOWPUBLISHED = "\url{https://mazur-events.de/fs-world/}",
	TITLE = "Formula Student - World Ranking Lists",
	NOTE = "Accessed on 2018-05-14"
}

@MISC{Waymo:1,
	HOWPUBLISHED = "\url{https://www.theregister.co.uk/2018/05/09/first_autonomous_vehicles/}",
	TITLE = "First autonomous taxi in 2018 says Waymo",
	NOTE = "Accessed on 2018-05-15"
}

@INPROCEEDINGS{BicycleModel,
	author={Danwei Wang and Feng Qi},
	booktitle={Proceedings 2001 ICRA. IEEE International Conference on Robotics and Automation (Cat. No.01CH37164)},
	title={Trajectory planning for a four-wheel-steering vehicle},
	year={2001},
	volume={4},
	number={},
	pages={3320-3325 vol.4},
	keywords={kinematics;path planning;position control;road vehicles;four-wheel-steering vehicle;steering planning;trajectory planning;vehicle kinematics;velocity planning;Automotive engineering;Axles;Kinematics;Path planning;Remotely operated vehicles;Technology planning;Torque;Trajectory;Vehicle driving;Wheels},
	doi={10.1109/ROBOT.2001.933130},
	ISSN={1050-4729},
	month={},}

@book{rajamani2011vehicle,
	title={Vehicle Dynamics and Control},
	author={Rajamani, R.},
	isbn={9781461414339},
	lccn={2011940692},
	series={Mechanical Engineering Series},
	url={https://books.google.de/books?id=cZJFDox4KuUC},
	year={2011},
	publisher={Springer US}
}

@INPROCEEDINGS{7225830,
	author={J. Kong and M. Pfeiffer and G. Schildbach and F. Borrelli},
	booktitle={2015 IEEE Intelligent Vehicles Symposium (IV)},
	title={Kinematic and dynamic vehicle models for autonomous driving control design},
	year={2015},
	volume={},
	number={},
	pages={1094-1099},
	keywords={control system synthesis;kinematics;predictive control;road traffic control;road vehicles;vehicle dynamics;MPC;autonomous driving control design;discretization effect;dynamic vehicle models;forecast error statistics;kinematic vehicle models;model predictive control;model-based control design;simple kinematic bicycle model;windy road;Bicycles;Kinematics;Predictive models;Tires;Trajectory;Vehicle dynamics},
	doi={10.1109/IVS.2015.7225830},
	ISSN={1931-0587},
	month={June},}


@article{magicFormula,
	author = { Hans B.   Pacejka  and  Egbert   Bakker },
	title = {THE MAGIC FORMULA TYRE MODEL},
	journal = {Vehicle System Dynamics},
	volume = {21},
	number = {sup001},
	pages = {1-18},
	year  = {1992},
	publisher = {Taylor & Francis},
	doi = {10.1080/00423119208969994},
	
	URL = { 
	https://doi.org/10.1080/00423119208969994
	
	},
	eprint = { 
	https://doi.org/10.1080/00423119208969994
	
	}
	
}


